<record><leader>00000cas a22000007a 4500</leader><controlfield tag="001">9289693</controlfield><controlfield tag="008">830308d18581866maucr ne      0    0eng d</controlfield><datafield ind1=" " ind2=" " tag="010"><subfield code="a">sn 83020198 </subfield></datafield><datafield ind1=" " ind2=" " tag="040"><subfield code="a">NPX</subfield><subfield code="b">eng</subfield><subfield code="c">NPX</subfield><subfield code="d">DLC</subfield><subfield code="d">MGN</subfield><subfield code="d">OCLCQ</subfield><subfield code="d">HUL</subfield></datafield><datafield ind1=" " ind2=" " tag="042"><subfield code="a">msc</subfield></datafield><datafield ind1=" " ind2=" " tag="043"><subfield code="a">n-us-ma</subfield></datafield><datafield ind1="0" ind2="4" tag="245"><subfield code="a">The Gloucester telegraph and news.</subfield></datafield><datafield ind1="1" ind2="3" tag="246"><subfield code="a">Gloucester telegraph</subfield></datafield><datafield ind1=" " ind2=" " tag="260"><subfield code="a">Gloucester, Mass. :</subfield><subfield code="b">John S.E. Rogers</subfield></datafield><datafield ind1=" " ind2=" " tag="300"><subfield code="a">v. ;</subfield><subfield code="c">64 cm.</subfield></datafield><datafield ind1=" " ind2=" " tag="310"><subfield code="a">Semiweekly</subfield></datafield><datafield ind1="1" ind2=" " tag="362"><subfield code="a">Began in Oct. 1858.</subfield></datafield><datafield ind1="0" ind2=" " tag="362"><subfield code="a">-v. 40, no. 103 (Dec. 25, 1866).</subfield></datafield><datafield ind1=" " ind2=" " tag="580"><subfield code="a">Weekly ed.: Cape Ann light and Gloucester telegraph.</subfield></datafield><datafield ind1=" " ind2=" " tag="588"><subfield code="a">Description based on: Vol. 32, no. 84 (Oct. 20, 1858).</subfield></datafield><datafield ind1="1" ind2=" " tag="700"><subfield code="a">Rogers, John S. E.</subfield></datafield><datafield ind1=" " ind2=" " tag="752"><subfield code="a">United States</subfield><subfield code="b">Massachusetts</subfield><subfield code="c">Essex</subfield><subfield code="d">Gloucester.</subfield></datafield><datafield ind1="1" ind2=" " tag="775"><subfield code="t">Cape Ann light and Gloucester telegraph</subfield><subfield code="w">(DLC)sn 83020194</subfield></datafield><datafield ind1="0" ind2="8" tag="776"><subfield code="i">Microfilm version:</subfield><subfield code="t">Gloucester telegraph and news</subfield><subfield code="w">(DLC)sn 83020198</subfield><subfield code="w">(OCoLC)844084309</subfield></datafield><datafield ind1="0" ind2="0" tag="780"><subfield code="t">Telegraph and news</subfield><subfield code="w">(DLC)sn 83020197</subfield></datafield><datafield ind1="0" ind2="0" tag="785"><subfield code="t">Gloucester telegraph (Gloucester, Mass. : 1866)</subfield><subfield code="w">(DLC)sn 83020199</subfield></datafield><datafield ind1="1" ind2=" " tag="029"><subfield code="a">AU@</subfield><subfield code="b">000025788667</subfield></datafield></record>